@article{disassembly-undecidable,
  title={An approach to the problem of detranslation of computer programs},
  author={Horspool, R. Nigel and Marovac, Nenad},
  journal={The Computer Journal},
  volume={23},
  number={3},
  pages={223--229},
  year={1980},
  publisher={The British Computer Society}
}

@ARTICLE{ithemal,
   author = "Mendis, Charith and Amarasinghe, Saman and Carbin, Michael",
    title = "Ithemal: Accurate, Portable and Fast Basic Block Throughput Estimation using Deep Neural Networks",
  journal = "ArXiv e-prints",
archivePrefix = "arXiv",
   eprint = "1808.07412",
 primaryClass = "cs.DC",
 keywords = "Computer Science - Distributed, Parallel, and Cluster Computing, Computer Science - Machine Learning, Statistics - Machine Learning",
     year = 2018,
    month = aug,
   adsurl = "http://adsabs.harvard.edu/abs/2018arXiv180807412M",
  adsnote = "Provided by the SAO/NASA Astrophysics Data System"
}

@inproceedings{dynamorio,
 author = {Bruening, Derek and Garnett, Timothy and Amarasinghe, Saman},
 title = {An Infrastructure for Adaptive Dynamic Optimization},
 booktitle = {Proceedings of the International Symposium on Code Generation and Optimization: Feedback-directed and Runtime Optimization},
 series = {CGO '03},
 year = {2003},
 isbn = {0-7695-1913-X},
 location = {San Francisco, California, USA},
 pages = {265--275},
 numpages = {11},
 url = {http://dl.acm.org/citation.cfm?id=776261.776290},
 acmid = {776290},
 publisher = {IEEE Computer Society},
 address = {Washington, DC, USA},
} 

@inproceedings{llvm,
 author = {Lattner, Chris and Adve, Vikram},
 title = {LLVM: A Compilation Framework for Lifelong Program Analysis \& Transformation},
 booktitle = {Proceedings of the International Symposium on Code Generation and Optimization: Feedback-directed and Runtime Optimization},
 series = {CGO '04},
 year = {2004},
 isbn = {0-7695-2102-9},
 location = {Palo Alto, California},
 pages = {75--},
 url = {http://dl.acm.org/citation.cfm?id=977395.977673},
 acmid = {977673},
 publisher = {IEEE Computer Society},
 address = {Washington, DC, USA},
} 

@inproceedings{tensorflow,
 author = {Abadi, Mart\'{\i}n and Barham, Paul and Chen, Jianmin and Chen, Zhifeng and Davis, Andy and Dean, Jeffrey and Devin, Matthieu and Ghemawat, Sanjay and Irving, Geoffrey and Isard, Michael and Kudlur, Manjunath and Levenberg, Josh and Monga, Rajat and Moore, Sherry and Murray, Derek G. and Steiner, Benoit and Tucker, Paul and Vasudevan, Vijay and Warden, Pete and Wicke, Martin and Yu, Yuan and Zheng, Xiaoqiang},
 title = {TensorFlow: A System for Large-scale Machine Learning},
 booktitle = {Proceedings of the 12th USENIX Conference on Operating Systems Design and Implementation},
 series = {OSDI'16},
 year = {2016},
 isbn = {978-1-931971-33-1},
 location = {Savannah, GA, USA},
 pages = {265--283},
 numpages = {19},
 url = {http://dl.acm.org/citation.cfm?id=3026877.3026899},
 acmid = {3026899},
 publisher = {USENIX Association},
 address = {Berkeley, CA, USA},
} 

@article{embree,
 author = {Wald, Ingo and Woop, Sven and Benthin, Carsten and Johnson, Gregory S. and Ernst, Manfred},
 title = {Embree: A Kernel Framework for Efficient CPU Ray Tracing},
 journal = {ACM Trans. Graph.},
 issue_date = {July 2014},
 volume = {33},
 number = {4},
 month = jul,
 year = {2014},
 issn = {0730-0301},
 pages = {143:1--143:8},
 articleno = {143},
 numpages = {8},
 url = {http://doi.acm.org/10.1145/2601097.2601199},
 doi = {10.1145/2601097.2601199},
 acmid = {2601199},
 publisher = {ACM},
 address = {New York, NY, USA},
 keywords = {CPU, SIMD, SPMD, coprocessor, ray tracing},
} 

@INPROCEEDINGS{uops,
	author = {Andreas Abel and Jan Reineke},
	title = {uops.info: Characterizing Latency, Throughput, and Port Usage of Instructions on Intel Microarchitectures},
	booktitle = {ASPLOS},
	year = {2019},
	month = {April},
}

@article{kmeans,
  added-at = {2011-01-11T13:34:58.000+0100},
  author = {Hartigan, J. A. and Wong, M. A.},
  biburl = {https://www.bibsonomy.org/bibtex/20399e12b4e411a03eda28ebaf11553ec/enitsirhc},
  interhash = {f32378f161e481db5375fe5164281ee9},
  intrahash = {0399e12b4e411a03eda28ebaf11553ec},
  journal = {JSTOR: Applied Statistics},
  keywords = {kmeans clustering},
  number = 1,
  pages = {100--108},
  timestamp = {2011-01-11T13:34:58.000+0100},
  title = {A k-means clustering algorithm},
  volume = 28,
  year = 1979
}

@inproceedings{ispc,
author = {Pharr, Matt and R. Mark, William},
year = {2012},
month = {05},
pages = {1-13},
title = {ispc: A SPMD compiler for high-performance CPU programming},
isbn = {978-1-4673-2632-2},
journal = {2012 Innovative Parallel Computing, InPar 2012},
doi = {10.1109/InPar.2012.6339601}
}

@inproceedings{osaca,
  title={Automated Instruction Stream Throughput Prediction for Intel and AMD Microarchitectures},
  author={Laukemann, Jan and Hammer, Julian and Hofmann, Johannes and Hager, Georg and Wellein, Gerhard},
  booktitle={2018 IEEE/ACM Performance Modeling, Benchmarking and Simulation of High Performance Computer Systems (PMBS)},
  pages={121--131},
  year={2018},
  organization={IEEE}
}

@article{goslp,
  title={goSLP: globally optimized superword level parallelism framework},
  author={Mendis, Charith and Amarasinghe, Saman},
  journal={Proceedings of the ACM on Programming Languages},
  volume={2},
  number={OOPSLA},
  pages={110},
  year={2018},
  publisher={ACM}
}

@book{slp,
  title={Exploiting superword level parallelism with multimedia instruction sets},
  author={Larsen, Samuel and Amarasinghe, Saman},
  volume={35},
  number={5},
  year={2000},
  publisher={ACM}
}

@misc{iaca,
  title        = {Intel Architecture Code Analyzer},
  howpublished = "\url{https://software.intel.com/en-us/articles/intel-architecture-code-analyzer}",
  month        = jun,
  year         = 2017
}


@misc{agner,
  title        = {Software optimization resources},
  howpublished = "\url{https://www.agner.org/optimize/}",
  month        = May,
  year         = 2019
}

@misc{gcc-cost,
  title        = {18.16 Describing Relative Costs of Operations},
  howpublished = "\url{https://gcc.gnu.org/onlinedocs/gccint/Costs.html}"
}

@misc{gcc-sched,
  title        = {18.17 Adjusting the Instruction Scheduler},
  howpublished = "\url{https://gcc.gnu.org/onlinedocs/gccint/Scheduling.html}"
}

@misc{llvm-sched,
  title        = {{llvm::targetschedmodel class reference}},
  howpublished = "\url{http://llvm.org/doxygen/classllvm_1_1targetschedmodel.html}"
}

@misc{llvm-cost,
  title        = {{llvm::TargetTransformInfo Class Reference}},
  howpublished = "\url{https://llvm.org/doxygen/classllvm_1_1TargetTransformInfo.html}"
}

@misc{llvm-reg,
  title        = {{llvm::TargetRegisterInfo Class Reference}},
  howpublished = "\url{https://llvm.org/doxygen/classllvm_1_1TargetRegisterInfo.html}"
}

@article{lda,
  title={Latent Dirichlet allocation},
  author={Blei, David M and Ng, Andrew Y and Jordan, Michael I},
  journal={Journal of machine Learning research},
  volume={3},
  number={Jan},
  pages={993--1022},
  year={2003}
}

@misc{exegesis,
  title        = {{EXEgesis Project}},
  howpublished = "\url{https://github.com/google/EXEgesis}"
}

@misc{intel-manual,
  title        = {Intel 64 and IA-32 Architectures Optimization Reference Manual},
  howpublished = "\url{https://software.intel.com/sites/default/files/managed/9e/bc/64-ia-32-architectures-optimization-manual.pdf}"
}


@misc{llvm-mca,
  title        = {llvm-mca - LLVM Machine Code Analyzer},
  howpublished = "\url{https://llvm.org/docs/CommandGuide/llvm-mca.html}"
}


@misc{openssl,
  title = {OpenSSL, Cryptography and SSL/TLS Toolkit},
  howpublished = "\url{https://www.openssl.org/}"
}

@misc{openblas,
  title = {OpenBLAS, An optimized BLAS library},
  howpublished = "\url{https://www.openblas.net/}"
}

@misc{eigen,
  title = {Eigen},
  howpublished = "\url{http://eigen.tuxfamily.org/index.php?title=Main_Page}"
}

@article{kendalltau,
  doi = {10.1093/biomet/30.1-2.81},
  url = {https://doi.org/10.1093/biomet/30.1-2.81},
  year = {1938},
  month = jun,
  publisher = {Oxford University Press ({OUP})},
  volume = {30},
  number = {1-2},
  pages = {81--93},
  author = {M. G. KENDALL},
  title = {A {NEW} {MEASURE} {OF} {RANK} {CORRELATION}},
  journal = {Biometrika}
}